<?xml version="1.0" encoding="utf-8"?>
<record xmlns="http://www.loc.gov/MARC21/slim" xmlns:xsi="http://www.w3.org/2001/XMLSchema-instance" xsi:schemaLocation="http://www.loc.gov/MARC21/slim http://www.loc.gov/standards/marcxml/schema/MARC21slim.xsd">
	<leader>     nam a22     Mi 4500</leader>
	<controlfield tag="001">b12686578</controlfield>
	<controlfield tag="003">LeBAU</controlfield>
	<controlfield tag="006">m        d        </controlfield>
	<controlfield tag="007">cr cn |||m|||a</controlfield>
	<controlfield tag="008">181009m19361938ua acf  o     ||0 0cara d</controlfield>
	<datafield ind1=" " ind2=" " tag="040">
		<subfield code="a">ZYU</subfield>
		<subfield code="b">ara</subfield>
		<subfield code="e">rda</subfield>
		<subfield code="c">ZYU</subfield>
	</datafield>
	<datafield ind1=" " ind2="4" tag="050">
		<subfield code="a">PJ7521</subfield>
		<subfield code="b">.Y33 1936</subfield>
	</datafield>
	<datafield ind1="0" ind2="4" tag="082">
		<subfield code="a">928.927</subfield>
		<subfield code="2">20</subfield>
	</datafield>
	<datafield ind1="0" ind2=" " tag="100">
		<subfield code="6">880-01</subfield>
		<subfield code="a">Yāqūt ibn ʻAbd Allāh al-Ḥamawī,</subfield>
		<subfield code="d">1179?-1229,</subfield>
		<subfield code="e">author.</subfield>
	</datafield>
	<datafield ind1="1" ind2="0" tag="245">
		<subfield code="6">880-02</subfield>
		<subfield code="a">Muʻjam al-udabāʼ fī ʻishrīn juz’an /</subfield>
		<subfield code="c">li-Yāqūt ; rājaʻat'hu Wizārat al-Maʻārif al-ʻUmūmīyah ; [taḥqīq] al-Duktūr Aḥmad Farīd Rifāʻī, mudīr Idārat al-Ṣiḥāfah wa-al-Nashr wa-al-thaqāfah al-Miṣrīyah.</subfield>
	</datafield>
	<datafield ind1="3" ind2="3" tag="246">
		<subfield code="6">880-03</subfield>
		<subfield code="a">Irshād al-arīb ilá maʻrifat al-adīb</subfield>
	</datafield>
	<datafield ind1=" " ind2=" " tag="250">
		<subfield code="6">880-04</subfield>
		<subfield code="a">al-Ṭabʻah al-akhīrah, munaqqaḥah wa-maḍbūṭah wa-fī-hā ziyādāt.</subfield>
	</datafield>
	<datafield ind1=" " ind2="1" tag="264">
		<subfield code="6">880-05</subfield>
		<subfield code="a">Miṣr :</subfield>
		<subfield code="b">Maṭbūʻāt Dār al-Ma’mūn,</subfield>
		<subfield code="c">1355-1357 H. = 1936-1938 M.</subfield>
	</datafield>
	<datafield ind1=" " ind2=" " tag="300">
		<subfield code="6">880-06</subfield>
		<subfield code="a">online resource (20 volumes) :</subfield>
		<subfield code="b">illustrations, portraits</subfield>
	</datafield>
	<datafield ind1=" " ind2=" " tag="336">
		<subfield code="a">text</subfield>
		<subfield code="2">rdacontent</subfield>
	</datafield>
	<datafield ind1=" " ind2=" " tag="337">
		<subfield code="a">computer</subfield>
		<subfield code="2">rdamedia</subfield>
	</datafield>
	<datafield ind1=" " ind2=" " tag="338">
		<subfield code="a">online resource</subfield>
		<subfield code="2">rdacarrier</subfield>
	</datafield>
	<datafield ind1="1" ind2=" " tag="490">
		<subfield code="6">880-07</subfield>
		<subfield code="a">Silsilat al-mawsūʻāt al-ʻArabīyah</subfield>
	</datafield>
	<datafield ind1=" " ind2=" " tag="500">
		<subfield code="a">Part of the Arabic Collections Online (ACO) project, contributed by American University of Beirut's Jafet Memorial Library.</subfield>
	</datafield>
	<datafield ind1=" " ind2=" " tag="533">
		<subfield code="a">Electronic reproduction.</subfield>
		<subfield code="b">New York, N.Y. :</subfield>
		<subfield code="c">New York University,</subfield>
		<subfield code="d">2018.</subfield>
		<subfield code="5">NNU</subfield>
	</datafield>
	<datafield ind1=" " ind2="0" tag="650">
		<subfield code="6">880-08</subfield>
		<subfield code="a">Authors, Arab</subfield>
		<subfield code="z">Islamic Empire</subfield>
		<subfield code="v">Biography</subfield>
		<subfield code="v">Early Works to 1800.</subfield>
	</datafield>
	<datafield ind1=" " ind2="0" tag="650">
		<subfield code="6">880-09</subfield>
		<subfield code="a">Scientists</subfield>
		<subfield code="z">Islamic Empire</subfield>
		<subfield code="v">Biography</subfield>
		<subfield code="v">Early Works to 1800.</subfield>
	</datafield>
	<datafield ind1=" " ind2="0" tag="651">
		<subfield code="6">880-10</subfield>
		<subfield code="a">Islamic Empire</subfield>
		<subfield code="v">Biography</subfield>
		<subfield code="v">Early Works to 1800.</subfield>
	</datafield>
	<datafield ind1="1" ind2=" " tag="700">
		<subfield code="6">880-11</subfield>
		<subfield code="a">Rifāʻī, Aḥmad Farīd,</subfield>
		<subfield code="e">annotator.</subfield>
	</datafield>
	<datafield ind1="1" ind2=" " tag="710">
		<subfield code="6">880-12</subfield>
		<subfield code="a">Egypt.</subfield>
		<subfield code="b">Wizārat al-Maʻārif al-ʻUmūmīyah,</subfield>
		<subfield code="e">reviewer.</subfield>
	</datafield>
	<datafield ind1="2" ind2=" " tag="710">
		<subfield code="a">Jafet Memorial Library.</subfield>
	</datafield>
	<datafield ind1="0" ind2=" " tag="730">
		<subfield code="a">Arabic Collections Online.</subfield>
	</datafield>
	<datafield ind1="0" ind2="8" tag="776">
		<subfield code="i">Print version:</subfield>
		<subfield code="a">Yāqūt ibn ʻAbd Allāh al-Ḥamawī, 1179?-1229, author.</subfield>
		<subfield code="t">Muʻjam al-udabāʼ fī ʻishrīn juz’an</subfield>
		<subfield code="w">(LeBAU)b12686578</subfield>
	</datafield>
	<datafield ind1=" " ind2="0" tag="830">
		<subfield code="6">880-13</subfield>
		<subfield code="a">Silsilat al-mawsūʻāt al-ʻArabīyah.</subfield>
	</datafield>
	<datafield ind1="4" ind2="0" tag="856">
		<subfield code="u">http://hdl.handle.net/2333.1/cnp5hxkq</subfield>
	</datafield>
	<datafield ind1="0" ind2=" " tag="880">
		<subfield code="6">100-01</subfield>
		<subfield code="a">ياقوت بن عبد الله الحموي،</subfield>
		<subfield code="d">1179؟-1229،</subfield>
		<subfield code="e">مؤلف.</subfield>
		<subfield code="4">aut.</subfield>
	</datafield>
	<datafield ind1="1" ind2="0" tag="880">
		<subfield code="6">245-02</subfield>
		<subfield code="a">معجم الأدباء في عشرين جزءا /</subfield>
		<subfield code="c">لياقوت ؛ راجعته وزارة المعارف العمومية ؛ [تحقيق] الدكتور أحمد فريد رفاعي، مدير ادارة الصحافة والنشر والثقافة المصرية.</subfield>
	</datafield>
	<datafield ind1="3" ind2="3" tag="880">
		<subfield code="6">246-03</subfield>
		<subfield code="a">إرشاد الأريب إلى معرفة الأديب</subfield>
	</datafield>
	<datafield ind1=" " ind2=" " tag="880">
		<subfield code="6">250-04</subfield>
		<subfield code="a">الطبعة الأخيرة، منقحة ومضبوطة وفيها زيادات.</subfield>
	</datafield>
	<datafield ind1=" " ind2="1" tag="880">
		<subfield code="6">264-05</subfield>
		<subfield code="a">مصر :</subfield>
		<subfield code="b">مطبوعات دار المأمون،</subfield>
		<subfield code="c">1355-1357 هـ. = 1936-1938 م.</subfield>
	</datafield>
	<datafield ind1=" " ind2=" " tag="880">
		<subfield code="6">300-06</subfield>
		<subfield code="a">20 جزء :</subfield>
		<subfield code="b">مصورات، صور شخصانية ؛</subfield>
		<subfield code="c">22 سم.</subfield>
	</datafield>
	<datafield ind1="1" ind2=" " tag="880">
		<subfield code="6">490-07</subfield>
		<subfield code="a">سلسلة الموسوعات العربية</subfield>
	</datafield>
	<datafield ind1=" " ind2=" " tag="880">
		<subfield code="6">500-00</subfield>
		<subfield code="a">في رأس العنوان: الوقت من ذهب؛ مكتبة القراءة والثقافة الادبية.</subfield>
	</datafield>
	<datafield ind1=" " ind2=" " tag="880">
		<subfield code="6">541-00</subfield>
		<subfield code="c">هبة؛</subfield>
		<subfield code="a">رشاد بيبي؛</subfield>
		<subfield code="3">النسخة الأولى لمكتبة يافث.</subfield>
	</datafield>
	<datafield ind1=" " ind2=" " tag="880">
		<subfield code="6">590-00</subfield>
		<subfield code="a">في المكتبة: نسخة قسم الأرشيف والمجموعات الخاصة و نسخة قسم المراجع مجلدة 20 جزء ببليوغرافي في 10 مجلدات مادية ؛ نسخة مكتبة يافث الأولى مجلدة 20 جزء ببليوغرافي في 7 مجلدات مادية.</subfield>
	</datafield>
	<datafield ind1=" " ind2=" " tag="880">
		<subfield code="6">590-00</subfield>
		<subfield code="a">في المكتبة: الأجزاء 17-18 من نسخة مكتبة يافث الثانية، مجلدان في مجلد واحد.</subfield>
	</datafield>
	<datafield ind1=" " ind2="4" tag="880">
		<subfield code="6">650-08</subfield>
		<subfield code="a">المؤلفون العرب</subfield>
		<subfield code="z">الامبراطورية الاسلامية</subfield>
		<subfield code="v">تراجم</subfield>
		<subfield code="v">اعمال قديمة حتى1800.</subfield>
	</datafield>
	<datafield ind1=" " ind2="4" tag="880">
		<subfield code="6">650-09</subfield>
		<subfield code="a">العلماء</subfield>
		<subfield code="z">الامبراطورية الاسلامية</subfield>
		<subfield code="v">تراجم</subfield>
		<subfield code="v">اعمال قديمة حتى 1800.</subfield>
	</datafield>
	<datafield ind1=" " ind2="4" tag="880">
		<subfield code="6">651-10</subfield>
		<subfield code="a">الامبراطورية الاسلامية</subfield>
		<subfield code="v">تراجم</subfield>
		<subfield code="v">اعمال قديمة حتى 1800.</subfield>
	</datafield>
	<datafield ind1="1" ind2=" " tag="880">
		<subfield code="6">700-11</subfield>
		<subfield code="a">رفاعي، احمد فريد،</subfield>
		<subfield code="e">محقق.</subfield>
		<subfield code="4">ann.</subfield>
	</datafield>
	<datafield ind1="1" ind2=" " tag="880">
		<subfield code="6">710-12</subfield>
		<subfield code="a">مصر.</subfield>
		<subfield code="b">وزارة المعارف العمومية،</subfield>
		<subfield code="e">مراجع.</subfield>
		<subfield code="4">rev.</subfield>
	</datafield>
	<datafield ind1=" " ind2="0" tag="880">
		<subfield code="6">830-13</subfield>
		<subfield code="a">سلسلة الموسوعات العربية.</subfield>
	</datafield>
	<datafield ind1=" " ind2=" " tag="959">
		<subfield code="a">NNU</subfield>
		<subfield code="b">WEB</subfield>
		<subfield code="c">GENI</subfield>
		<subfield code="t">0</subfield>
		<subfield code="m">Electronic access</subfield>
		<subfield code="s">01</subfield>
	</datafield>
	<datafield ind1=" " ind2=" " tag="999">
		<subfield code="i">LeBAU_b12686578</subfield>
		<subfield code="s">aub_aco002116:v.1</subfield>
		<subfield code="s">aub_aco002117:v.2</subfield>
		<subfield code="s">aub_aco002118:v.3</subfield>
		<subfield code="s">aub_aco002119:v.4</subfield>
		<subfield code="s">aub_aco002120:v.5</subfield>
		<subfield code="s">aub_aco002121:v.6</subfield>
		<subfield code="s">aub_aco002122:v.7</subfield>
		<subfield code="s">aub_aco002123:v.8</subfield>
		<subfield code="s">aub_aco002124:v.9</subfield>
		<subfield code="s">aub_aco002125:v.10</subfield>
		<subfield code="s">aub_aco002126:v.11</subfield>
		<subfield code="s">aub_aco002127:v.12</subfield>
		<subfield code="s">aub_aco002128:v.13</subfield>
		<subfield code="s">aub_aco002129:v.14</subfield>
		<subfield code="s">aub_aco002130:v.15</subfield>
		<subfield code="s">aub_aco002131:v.16</subfield>
		<subfield code="s">aub_aco002132:v.17-18</subfield>
		<subfield code="s">aub_aco002133:v.19</subfield>
		<subfield code="s">aub_aco002134:v.20</subfield>
		<subfield code="e">(ERROR-MISC)</subfield>
		<subfield code="s">aub_aco002116:v.1</subfield>
		<subfield code="s">aub_aco002117:v.2</subfield>
		<subfield code="s">aub_aco002118:v.3</subfield>
		<subfield code="s">aub_aco002119:v.4</subfield>
		<subfield code="s">aub_aco002120:v.5</subfield>
		<subfield code="s">aub_aco002121:v.6</subfield>
		<subfield code="s">aub_aco002122:v.7</subfield>
		<subfield code="s">aub_aco002123:v.8</subfield>
		<subfield code="s">aub_aco002124:v.9</subfield>
		<subfield code="s">aub_aco002125:v.10</subfield>
		<subfield code="s">aub_aco002126:v.11</subfield>
		<subfield code="s">aub_aco002127:v.12</subfield>
		<subfield code="s">aub_aco002128:v.13</subfield>
		<subfield code="s">aub_aco002129:v.14</subfield>
		<subfield code="s">aub_aco002130:v.15</subfield>
		<subfield code="s">aub_aco002131:v.16</subfield>
		<subfield code="s">aub_aco002132:v.17-18</subfield>
		<subfield code="s">aub_aco002133:v.19</subfield>
		<subfield code="s">aub_aco002134:v.20</subfield>
	</datafield>
</record>
